@inproceedings{DBLP:conf/esa/CarstensH0PTW18,
  author    = {Corrie Jacobien Carstens and
               Michael Hamann and
               Ulrich Meyer and
               Manuel Penschuck and
               Hung Tran and
               Dorothea Wagner},
  editor    = {Yossi Azar and
               Hannah Bast and
               Grzegorz Herman},
  title     = {Parallel and I/O-efficient Randomisation of Massive Networks using
               Global Curveball Trades},
  booktitle = {26th Annual European Symposium on Algorithms, {ESA} 2018, August 20-22,
               2018, Helsinki, Finland},
  series    = {LIPIcs},
  volume    = {112},
  pages     = {11:1--11:15},
  publisher = {Schloss Dagstuhl - Leibniz-Zentrum f{\"{u}}r Informatik},
  year      = {2018},
  url       = {https://doi.org/10.4230/LIPIcs.ESA.2018.11},
  doi       = {10.4230/LIPIcs.ESA.2018.11},
  timestamp = {Tue, 11 Feb 2020 15:52:14 +0100},
  biburl    = {https://dblp.org/rec/conf/esa/CarstensH0PTW18.bib},
  bibsource = {dblp computer science bibliography, https://dblp.org}
}

@article{nk,
  author    = {Christian L. Staudt and
               Aleksejs Sazonovs and
               Henning Meyerhenke},
  title     = {NetworKit: {A} tool suite for large-scale complex network analysis},
  journal   = {Network Science},
  volume    = {4},
  number    = {4},
  pages     = {508--530},
  year      = {2016},
  url       = {https://doi.org/10.1017/nws.2016.20},
  doi       = {10.1017/nws.2016.20},
  timestamp = {Mon, 16 Sep 2019 14:49:24 +0200},
  biburl    = {https://dblp.org/rec/journals/netsci/StaudtSM16.bib},
  bibsource = {dblp computer science bibliography, https://dblp.org}
}
